<record><leader>00000cas a22000007a 4500</leader><controlfield tag="001">22433035</controlfield><controlfield tag="008">900925c19849999mouwr ne      0    0eng d</controlfield><datafield ind1=" " ind2=" " tag="010"><subfield code="a">sn 90073078 </subfield></datafield><datafield ind1=" " ind2=" " tag="040"><subfield code="a">MQN</subfield><subfield code="b">eng</subfield><subfield code="c">MQN</subfield><subfield code="d">OCLCQ</subfield></datafield><datafield ind1=" " ind2=" " tag="042"><subfield code="a">msc</subfield></datafield><datafield ind1="0" ind2="0" tag="245"><subfield code="a">Warrenton news-journal.</subfield></datafield><datafield ind1=" " ind2=" " tag="260"><subfield code="a">Warrenton, Mo. :</subfield><subfield code="b">Warrenton Publications,</subfield><subfield code="c">1984-</subfield></datafield><datafield ind1=" " ind2=" " tag="300"><subfield code="a">v.</subfield></datafield><datafield ind1=" " ind2=" " tag="310"><subfield code="a">Weekly</subfield></datafield><datafield ind1="0" ind2=" " tag="362"><subfield code="a">Vol. 12, no. 20 (Oct. 31, 1984)-</subfield></datafield><datafield ind1=" " ind2="4" tag="651"><subfield code="a">Warren County (Mo.)</subfield><subfield code="v">Newspapers.</subfield></datafield><datafield ind1=" " ind2=" " tag="752"><subfield code="a">United States</subfield><subfield code="b">Missouri</subfield><subfield code="c">Warren</subfield><subfield code="d">Warrenton.</subfield></datafield><datafield ind1="0" ind2="0" tag="780"><subfield code="t">Warrenton news</subfield><subfield code="w">(DLC)sn 79002982</subfield></datafield><datafield ind1="1" ind2=" " tag="029"><subfield code="a">AU@</subfield><subfield code="b">000025882289</subfield></datafield></record>